<collection xmlns="http://www.loc.gov/MARC21/slim">
<record>
  <leader>02432nam0a22004331i 450 </leader>
  <controlfield tag="001">IT\ICCU\CNCE\045093</controlfield>
  <controlfield tag="005">20120807000000.0</controlfield>
  <datafield tag="012" ind1=" " ind2=" ">
    <subfield code="a">usto lvii e.ro bual (3) 1503 (T)</subfield>
    <subfield code="2">fei</subfield>
  </datafield>
  <datafield tag="100" ind1=" " ind2=" ">
    <subfield code="a">19990120d1503        0itac0103    ba</subfield>
  </datafield>
  <datafield tag="101" ind1=" " ind2=" ">
    <subfield code="a">LAT</subfield>
  </datafield>
  <datafield tag="102" ind1=" " ind2=" ">
    <subfield code="a">IT</subfield>
  </datafield>
  <datafield tag="200" ind1="1" ind2=" ">
    <subfield code="a">Iuuenalis nuper impressus cum commentariis Ioannis Britannici adamussim castigatus necnon aliorum interpretum sententiis diligentissime additis: quae meliores uisae sunt</subfield>
  </datafield>
  <datafield tag="210" ind1=" " ind2=" ">
    <subfield code="e">Impressum hoc opus Mediolani</subfield>
    <subfield code="g">a Petromartire de Mantegatiis</subfield>
    <subfield code="h">1503</subfield>
  </datafield>
  <datafield tag="215" ind1=" " ind2=" ">
    <subfield code="a">\6!, CXXXVIII c.</subfield>
    <subfield code="d">2ʻ</subfield>
  </datafield>
  <datafield tag="620" ind1=" " ind2=" ">
    <subfield code="a">IT</subfield>
    <subfield code="d">Milano</subfield>
  </datafield>
  <datafield tag="700" ind1=" " ind2="1">
    <subfield code="a">Iuvenalis,</subfield>
    <subfield code="b">Decimus Iunius</subfield>
    <subfield code="3">IT\ICCU\CNCA\002272</subfield>
  </datafield>
  <datafield tag="702" ind1=" " ind2="1">
    <subfield code="a">Britannico,</subfield>
    <subfield code="b">Giovanni</subfield>
    <subfield code="3">IT\ICCU\CNCA\002041</subfield>
  </datafield>
  <datafield tag="712" ind1="0" ind2="0">
    <subfield code="a">Mantegazza, Pietro Martire</subfield>
    <subfield code="3">IT\ICCU\CNCT\000198</subfield>
    <subfield code="4">650</subfield>
  </datafield>
  <datafield tag="790" ind1=" " ind2="1">
    <subfield code="a">Giovenale,</subfield>
    <subfield code="b">Decimo Giunio</subfield>
    <subfield code="3">IT\ICCU\CNCA\014195</subfield>
    <subfield code="z">Iuvenalis, Decimus Iunius</subfield>
  </datafield>
  <datafield tag="790" ind1=" " ind2="0">
    <subfield code="a">Iuvenalis</subfield>
    <subfield code="3">IT\ICCU\CNCA\020219</subfield>
    <subfield code="z">Iuvenalis, Decimus Iunius</subfield>
  </datafield>
  <datafield tag="790" ind1=" " ind2="1">
    <subfield code="a">Juvenalis,</subfield>
    <subfield code="b">Decimus Junius</subfield>
    <subfield code="3">IT\ICCU\CNCA\023048</subfield>
    <subfield code="z">Iuvenalis, Decimus Iunius</subfield>
  </datafield>
  <datafield tag="790" ind1=" " ind2="1">
    <subfield code="a">Britannicus,</subfield>
    <subfield code="b">Iohannes</subfield>
    <subfield code="3">IT\ICCU\CNCA\026274</subfield>
    <subfield code="z">Britannico, Giovanni</subfield>
  </datafield>
  <datafield tag="791" ind1="0" ind2="2">
    <subfield code="a">Pietro Martire Cassano</subfield>
    <subfield code="3">IT\ICCU\CNCT\003509</subfield>
    <subfield code="z">Mantegazza, Pietro Martire</subfield>
  </datafield>
  <datafield tag="791" ind1="0" ind2="0">
    <subfield code="a">Cassano, Pietro Martire</subfield>
    <subfield code="3">IT\ICCU\CNCT\003510</subfield>
    <subfield code="z">Mantegazza, Pietro Martire</subfield>
  </datafield>
  <datafield tag="791" ind1="0" ind2="0">
    <subfield code="a">Mantegatiis, Petrus Martyr de</subfield>
    <subfield code="3">IT\ICCU\CNCT\005002</subfield>
    <subfield code="z">Mantegazza, Pietro Martire</subfield>
  </datafield>
  <datafield tag="791" ind1="0" ind2="0">
    <subfield code="a">Mantegaciis, Petrus Martir de</subfield>
    <subfield code="3">IT\ICCU\CNCT\005003</subfield>
    <subfield code="z">Mantegazza, Pietro Martire</subfield>
  </datafield>
  <datafield tag="791" ind1="0" ind2="0">
    <subfield code="a">Mantegatius, Petrus Martyr</subfield>
    <subfield code="3">IT\ICCU\CNCT\005004</subfield>
    <subfield code="z">Mantegazza, Pietro Martire</subfield>
  </datafield>
  <datafield tag="791" ind1="0" ind2="0">
    <subfield code="a">Mantegaza, Petro Martiro</subfield>
    <subfield code="3">IT\ICCU\CNCT\005005</subfield>
    <subfield code="z">Mantegazza, Pietro Martire</subfield>
  </datafield>
  <datafield tag="791" ind1="0" ind2="0">
    <subfield code="a">Mantegati, Petromartire di</subfield>
    <subfield code="3">IT\ICCU\CNCT\005006</subfield>
    <subfield code="z">Mantegazza, Pietro Martire</subfield>
  </datafield>
  <datafield tag="791" ind1="0" ind2="0">
    <subfield code="a">Mantegatio, Petro Martyre</subfield>
    <subfield code="3">IT\ICCU\CNCT\005007</subfield>
    <subfield code="z">Mantegazza, Pietro Martire</subfield>
  </datafield>
  <datafield tag="801" ind1=" " ind2="3">
    <subfield code="a">IT</subfield>
    <subfield code="b">ICCU</subfield>
    <subfield code="c">20201114</subfield>
  </datafield>
  <datafield tag="899" ind1=" " ind2=" ">
    <subfield code="a">Biblioteca comunale. Corinaldo</subfield>
    <subfield code="1">AN0030</subfield>
    <subfield code="2">URB 01</subfield>
  </datafield>
  <datafield tag="899" ind1=" " ind2=" ">
    <subfield code="a">Biblioteca comunale dell&apos;Archiginnasio. Bologna</subfield>
    <subfield code="1">BO0304</subfield>
    <subfield code="2">UBO GA</subfield>
  </datafield>
  <datafield tag="899" ind1=" " ind2=" ">
    <subfield code="a">Biblioteca comunale. Como</subfield>
    <subfield code="1">CO0059</subfield>
    <subfield code="2">ZCO 01</subfield>
  </datafield>
  <datafield tag="899" ind1=" " ind2=" ">
    <subfield code="a">Biblioteca statale. Cremona</subfield>
    <subfield code="z">MUTILO</subfield>
    <subfield code="1">CR0062</subfield>
    <subfield code="2">LO1 28</subfield>
  </datafield>
  <datafield tag="899" ind1=" " ind2=" ">
    <subfield code="a">Biblioteca Seminario vescovile S. Gaudenzio. Novara</subfield>
    <subfield code="1">NO0064</subfield>
    <subfield code="2">TO0 Y5</subfield>
  </datafield>
  <datafield tag="899" ind1=" " ind2=" ">
    <subfield code="a">Biblioteca comunale Passerini Landi. Piacenza</subfield>
    <subfield code="1">PC0030</subfield>
    <subfield code="2">PIA PL</subfield>
  </datafield>
  <datafield tag="899" ind1=" " ind2=" ">
    <subfield code="a">Biblioteca universitaria. Pavia</subfield>
    <subfield code="1">PV0291</subfield>
    <subfield code="2">MIL UP</subfield>
  </datafield>
  <datafield tag="899" ind1=" " ind2=" ">
    <subfield code="a">Fondazione Biblioteca S. Bernardino. Trento</subfield>
    <subfield code="1">TN0122</subfield>
    <subfield code="2">ZTN 18</subfield>
  </datafield>
</record>
</collection>
